/Users/hoj201/templates/hoj.bib